@techreport{IEEE802,
    author = "IEEE",
    title = "IEEE Standard for Local and Metropolitan Area Networks: Overview and Architecture",
    pages = "11",
    URL = "http://standards.ieee.org/about/get/802/802.html"
}
