@misc{OSIPic,
    title = {OSI Model},
    note = {Available at \url{https://upload.wikimedia.org/wikipedia/commons/2/2b/Osi-model.png}}
}

@conference{tedTalkAlgorithms,
    title = {How Algorithms Shape our World},
    note = {Available at \url{https://www.ted.com/talks/kevin_slavin_how_algorithms_shape_our_world}},
    year = 2011,
    author = {Kevin Slavin}
}

@misc{pingisbad,
    note = {Available at \url{http://www.inetdaemon.com/tutorials/troubleshooting/tools/ping/ping_is_not.shtml}},
    title = "What Ping is NOT",
    year = 2012,
    author = {InetDaemon}
}

@misc{timeinlinux,
    title = {High Performance Time Measurement in Linux},
    note = {Available at \url{https://aufather.wordpress.com/2010/09/08/high-performance-time-measuremen-in-linux/}},
    year = 2010,
    author = {Aby Thankachan}
}

@misc{remotesurgery,
    title = {Research In Lag Time Set To Determine The Future Of Telesurgery},
    note = {Available at \url{https://techcrunch.com/2015/06/14/lag-time-research-set-to-determine-the-future-of-telesurgery/}},
    year = 2015,
    author = {Roger Smith}
}

@misc{etherneteverywhere,
    title = {Why is Ethernet the most popular form of wired LAN technology today?},
    note = {Available at \url{https://www.quora.com/Why-is-Ethernet-the-most-popular-form-of-wired-LAN-technology-today}},
    year = 2014
}

@misc{dpdkcode,
    title = {Timer Example C code},
    note = {Available at \url{http://dpdk.org/browse/dpdk/tree/examples/timer/main.c}},
    year = 2014
}

@misc{turboboost,
    title = {Intel Turbo Boost Technology 2.0},
    note = {Available at \url{https://www.intel.com/content/www/us/en/architecture-and-technology/turbo-boost/turbo-boost-technology.html}},
    year = 2016
}

@misc{pfring,
    title = {High-speed packet capture filter and analysis},
    note = {Available at \url{http://www.ntop.org/products/packet-capture/pf_ring/}}
}

@misc{pfringworks,
    title = {PF\textunderscore RING},
    note = {Available at \url{http://wiki.aanval.com/wiki/PF_RING}}
}

@misc{dagprecision,
    title = {Endace DAG Cards},
    note = {Available at \url{https://www.endace.com/endace-dag-high-speed-packet-capture-cards.html}}
}

@misc{dagfeatures,
    title = {Introducing Endace DAG},
    note = {Available at \url{https://www.endace.com/introducing-dag.pdf}}
}

@misc{dagprice,
    title = {New low pricing on DAG 10X2-S},
    note = {Available at \url{https://blog.endace.com/2016/07/08/new-low-pricing-dag-10x2/}}
}

@booklet{IEEE802,
    author = "IEEE",
    title = "Standard for Local and Metropolitan Area Networks: Overview and Architecture",
    pages = "11",
    year = 2014,
    note = {Available at \url{http://standards.ieee.org/about/get/802/802.html}}
}

@booklet{latencyinethernet,
    year = 2016,
    note = {Available at \url{www.plexxi.com/wp-content/uploads/2016/01/Latency-in-Ethernet-Switches.pdf}},
    title = "Latency in Ethernet Switches",
    author = "Plexxi"
}

@booklet{fpga,
    year = 2017,
    note = {Available at \url{https://www.xilinx.com/support/documentation/data_sheets/ds190-Zynq-7000-Overview.pdf}},
    title = "Zynq-7000 All Programmable SoC Data Sheet: Overview",
    author = "Xilinx"
}

@misc{CPUtiming,
    title = "Game Timing and Multicore Processors",
    note = {Available at \url{https://msdn.microsoft.com/en-us/library/windows/desktop/ee417693(v=vs.85).aspx}}
}

@misc{smartrouters,
    title = {Smarter routers reduce latency in the Internet},
    note = {Available at \url{https://phys.org/news/2017-02-smarter-routers-latency-internet.html}},
    year = 2017
}

@misc{5g,
    title = {Network Latency and Download Speeds Set to Improve With 5G},
    note = {Available at \url{https://insights.samsung.com/2016/09/08/network-latency-and-download-speeds-set-to-improve-with-5g/}},
    year = 2016
}

@misc{lessthan1ms,
    title = {5G's moment is now, four years before it's scheduled to arrive},
    note = {Available at \url{http://www.pcworld.com/article/3037452/mobile/this-is-5gs-moment-four-years-early.html}},
    year = 2016
}

@misc{SUME,
    title = {NetFPGA-SUME Virtex-7 FPGA Development Board},
    note = {Available at \url{http://store.digilentinc.com/netfpga-sume-virtex-7-fpga-development-board}},
}

@misc{RGMIISpec,
    title = {RGMII specification},
    note = {Available at \url{http://web.archive.org/web/20160303171328/http://www.hp.com/rnd/pdfs/RGMIIv2_0_final_hp.pdf}},
}

@misc{VelFactor,
    title = {TKF Connectivity Solutions Cat.6 Cable},
    note = {Available at \url{https://www.tkf.nl/download/product?product=13969&open=14619%7C14796%7C14800&lang=en}},
}

@misc{VelFactor075,
    title = {Category 5e cable in AES/EBU applications},
    note = {Available at \url{http://www.engineeringradio.us/blog/2010/09/category-5e-cable-in-aesebu-applications/}},
}

@inproceedings{moongen,
    title = {MoonGen: A Scriptable High-Speed Packet Generator},
    author = {Paul Emmerich and Sebastian Gallenmüller and Daniel Raumer and Florian Wohlfart and Georg Carle},
    organization = {Technische Universität München},
    year = {2015},
}

@article{multicore,
    title = {Flexible High Performance Traffic Generation on Commodity Multi–Core Platforms},
    author = {Nicola Bonelli and Andrea Di Pietro and Stefano Giordano and Gregorio Procissi},
    organization = {CNIT and Universit`a di Pisa},
    year = {2012}
}

@article{realtime,
    title = {A Distributed Instrument for Performance Analysis of Real-Time Ethernet Networks},
    author = {Paolo Ferrari and Alessandra Flammini and Daniele Marioli and Andrea Taroni},
    year = {2008},
}
